<record><leader>00000cas a22000007a 4500</leader><controlfield tag="001">15680097</controlfield><controlfield tag="008">870513d188u1893iauwr ne      0    0eng d</controlfield><datafield ind1=" " ind2=" " tag="010"><subfield code="a">sn 87058215 </subfield></datafield><datafield ind1=" " ind2=" " tag="040"><subfield code="a">INP</subfield><subfield code="b">eng</subfield><subfield code="c">INP</subfield><subfield code="d">OCLCQ</subfield></datafield><datafield ind1=" " ind2=" " tag="042"><subfield code="a">msc</subfield></datafield><datafield ind1="0" ind2=" " tag="130"><subfield code="a">West Liberty enterprise (West Liberty, Iowa : 1885)</subfield></datafield><datafield ind1="1" ind2="0" tag="245"><subfield code="a">West Liberty enterprise.</subfield></datafield><datafield ind1=" " ind2=" " tag="260"><subfield code="a">West Liberty, Iowa :</subfield><subfield code="b">MacDonald &amp; Benjamin</subfield></datafield><datafield ind1=" " ind2=" " tag="300"><subfield code="a">v.</subfield></datafield><datafield ind1=" " ind2=" " tag="310"><subfield code="a">Weekly</subfield></datafield><datafield ind1="1" ind2=" " tag="362"><subfield code="a">Ceased in 1893.</subfield></datafield><datafield ind1=" " ind2=" " tag="588"><subfield code="a">Description based on: Vol. 17, no. 38 (Jan. 1, 1885).</subfield></datafield><datafield ind1=" " ind2=" " tag="752"><subfield code="a">United States</subfield><subfield code="b">Iowa</subfield><subfield code="c">Muscatine</subfield><subfield code="d">West Liberty.</subfield></datafield><datafield ind1="0" ind2="0" tag="780"><subfield code="t">Weekly enterprise (West Liberty, Iowa)</subfield><subfield code="w">(DLC)sn 87058214</subfield></datafield><datafield ind1="0" ind2="7" tag="785"><subfield code="t">Wapsie weekly index</subfield><subfield code="w">(DLC)sn 87058217</subfield></datafield><datafield ind1="0" ind2="7" tag="785"><subfield code="t">West Liberty index (West Liberty, Iowa : 1893)</subfield><subfield code="w">(DLC)sn 87058218</subfield></datafield></record>